@INPROCEEDINGS{parmetis,
  author={Karypis, G. and Kumar, V.},
  booktitle={Proceedings of International Conference on Parallel Processing}, 
  title={Parallel multilevel graph partitioning}, 
  year={1996},
  volume={},
  number={},
  pages={314-319},
  keywords={Partitioning algorithms;Sparse matrices;Parallel algorithms;Runtime;Concurrent computing},
  doi={10.1109/IPPS.1996.508075}}

@misc{meshes,
	title = {{D}ataset - {T}hingi10k},
  booktitle = {Faculty Digital Archive : NYU Libraries},
	howpublished = {\url{https://archive.nyu.edu/handle/2451/44304}},
	year = {},
	note = {[Accessed 05-07-2024]},
}


@Misc{petsc-web-page,
author = {Satish Balay and Shrirang Abhyankar and Mark~F. Adams and Jed Brown and Peter Brune
            and Kris Buschelman and Lisandro Dalcin and Victor Eijkhout and William~D. Gropp
            and Dinesh Kaushik and Matthew~G. Knepley
            and Lois Curfman McInnes and Karl Rupp and Barry~F. Smith
            and Stefano Zampini and Hong Zhang},
title =  {{PETS}c {W}eb page},
url =    {http://www.mcs.anl.gov/petsc},
howpublished = {\url{http://www.mcs.anl.gov/petsc}},
year = {2015}
}

@article{GMRES,
author = {Saad, Youcef and Schultz, Martin H},
title = {GMRES: a generalized minimal residual algorithm for solving nonsymmetric linear systems},
year = {1986},
issue_date = {July 1986},
publisher = {Society for Industrial and Applied Mathematics},
address = {USA},
volume = {7},
number = {3},
issn = {0196-5204},
journal = {SIAM J. Sci. Stat. Comput.},
month = {jul},
pages = {856â€“869},
numpages = {14}
}